@article{bouri2021return,
  title={Return connectedness across asset classes around the COVID-19 outbreak},
  author={Bouri, Elie and Cepni, Oguzhan and Gabauer, David and Gupta, Rangan},
  journal={International review of financial analysis},
  volume={73},
  pages={101646},
  year={2021},
  publisher={Elsevier}
}

@article{duncan2013domestic,
  title={Domestic and foreign sources of volatility spillover to South African asset classes},
  author={Duncan, Andrew S and Kabundi, Alain},
  journal={Economic Modelling},
  volume={31},
  pages={566--573},
  year={2013},
  publisher={Elsevier}
}

@article{engle2002dynamic,
  title={Dynamic conditional correlation: A simple class of multivariate generalized autoregressive conditional heteroskedasticity models},
  author={Engle, Robert},
  journal={Journal of Business \& Economic Statistics},
  volume={20},
  number={3},
  pages={339--350},
  year={2002},
  publisher={Taylor \& Francis}
}

@article{ledoit2003improved,
  title={Improved estimation of the covariance matrix of stock returns with an application to portfolio selection},
  author={Ledoit, Olivier and Wolf, Michael},
  journal={Journal of empirical finance},
  volume={10},
  number={5},
  pages={603--621},
  year={2003},
  publisher={Elsevier}
}


@techreport{boswijk2006wake,
  title={Wake me up before you GO-GARCH},
  author={Boswijk, H Peter and van der Weide, Roy},
  year={2006},
  institution={Tinbergen Institute Discussion Paper}
}

@article{briere2012no,
  title={No contagion, only globalization and flight to quality},
  author={Bri{\`e}re, Marie and Chapelle, Ariane and Szafarz, Ariane},
  journal={Journal of international Money and Finance},
  volume={31},
  number={6},
  pages={1729--1744},
  year={2012},
  publisher={Elsevier}
}

@article{mensi2016global,
  title={Global financial crisis and spillover effects among the US and BRICS stock markets},
  author={Mensi, Walid and Hammoudeh, Shawkat and Nguyen, Duc Khuong and Kang, Sang Hoon},
  journal={International Review of Economics \& Finance},
  volume={42},
  pages={257--276},
  year={2016},
  publisher={Elsevier}
}

@article{zhang2020global,
  title={Global financial crisis and rising connectedness in the international commodity markets},
  author={Zhang, Dayong and Broadstock, David C},
  journal={International Review of Financial Analysis},
  volume={68},
  pages={101239},
  year={2020},
  publisher={Elsevier}
}


@article{horvath2012international,
  title={International stock market comovements: what happened during the financial crisis?},
  author={Horvath, Roman and Poldauf, Petr},
  journal={Global Economy Journal},
  volume={12},
  number={1},
  pages={1850252},
  year={2012},
  publisher={World Scientific}
}

@article{sharpe1966mutual,
  title={Mutual fund performance},
  author={Sharpe, William F},
  journal={The Journal of business},
  volume={39},
  number={1},
  pages={119--138},
  year={1966},
  publisher={JSTOR}
}













